<?xml version="1.0" encoding="UTF-8"?><collection xmlns="http://www.loc.gov/MARC21/slim"><record><leader>00418nam--2200133-i-4500</leader><controlfield tag="001">000010582</controlfield><controlfield tag="002">20161230</controlfield><controlfield tag="005">20161230201028</controlfield><controlfield tag="008">060222s1000------------r-----000-0-eng-d</controlfield><datafield ind1=" " ind2=" " tag="100"><subfield code="a">Dumas, Jean-louis</subfield></datafield><datafield ind1=" " ind2=" " tag="245"><subfield code="a">Etude de la photoionisation des cibles metalliques en vue d application a la spectrometrie de masse. these</subfield></datafield><datafield ind1=" " ind2=" " tag="260"><subfield code="a">Grenoble, Faculte Des Sciences, 1970</subfield></datafield><datafield ind1=" " ind2=" " tag="490"><subfield code="a">141p</subfield></datafield><datafield ind1=" " ind2=" " tag="852"><subfield code="a">015:543.51:539.122.04</subfield></datafield></record></collection>